<?xml version="1.0" encoding="UTF-8"?><collection xmlns="http://www.loc.gov/MARC21/slim"><record><leader>00387nam--2200133-i-4500</leader><controlfield tag="001">000012549</controlfield><controlfield tag="002">20161230</controlfield><controlfield tag="005">20161230201029</controlfield><controlfield tag="008">060222s1000------------r-----000-0-eng-d</controlfield><datafield ind1=" " ind2=" " tag="245"><subfield code="a">Ultrasonic biophysics</subfield></datafield><datafield ind1=" " ind2=" " tag="260"><subfield code="a">Stroudsburg, Dowden, Hutchinson &amp; Ross, Inc., 1976</subfield></datafield><datafield ind1=" " ind2=" " tag="490"><subfield code="a">Benchmark Papers In Acoustics</subfield></datafield><datafield ind1=" " ind2=" " tag="700"><subfield code="a">Dunn, Floyd And O Brien, William D</subfield></datafield><datafield ind1=" " ind2=" " tag="852"><subfield code="a">577.28:534-8(082.1)</subfield></datafield></record></collection>